<?xml version="1.0" encoding="UTF-8"?><collection xmlns="http://www.loc.gov/MARC21/slim"><record><leader>00312nam--2200121-i-4500</leader><controlfield tag="001">000018377</controlfield><controlfield tag="002">20161230</controlfield><controlfield tag="005">20161230201032</controlfield><controlfield tag="008">060222s1000------------r-----000-0-eng-d</controlfield><datafield ind1=" " ind2=" " tag="100"><subfield code="a">Eaborn C</subfield></datafield><datafield ind1=" " ind2=" " tag="245"><subfield code="a">Organosilicon compounds</subfield></datafield><datafield ind1=" " ind2=" " tag="260"><subfield code="a">London, Butterworths Scientific Publications 1960,  X+530 P</subfield></datafield><datafield ind1=" " ind2=" " tag="852"><subfield code="a">15921</subfield></datafield></record></collection>